@article{korner2005lattice,
  title={Lattice Boltzmann model for free surface flow for modeling foaming},
  author={K{\"o}rner, Carolin and Thies, Michael and Hofmann, Torsten and Th{\"u}rey, Nils and R{\"u}de, Ulrich},
  journal={Journal of Statistical Physics},
  volume={121},
  number={1-2},
  pages={179--196},
  year={2005},
  publisher={Springer}
}


@article{ghia1982high,
  title={High-Re solutions for incompressible flow using the Navier-Stokes equations and a multigrid method},
  author={Ghia, UKNG and Ghia, Kirti N and Shin, CT},
  journal={Journal of computational physics},
  volume={48},
  number={3},
  pages={387--411},
  year={1982},
  publisher={Elsevier}
}


@article{taylor1937mechanism,
  title={Mechanism of the production of small eddies from large ones},
  author={Taylor, GI and Green, AE},
  journal={Proceedings of the Royal Society of London. Series A, Mathematical and Physical Sciences},
  volume={158},
  number={895},
  pages={499--521},
  year={1937},
  publisher={JSTOR}
}


@misc{wikiTaylorGreen,
  title={Wikipedia website on Taylor-Green vortex},
  url={https://en.wikipedia.org/wiki/Taylor%E2%80%93Green_vortex},
  note={\url{https://en.wikipedia.org/wiki/Taylor%E2%80%93Green_vortex}, accessed 2017-01-06}
}


@misc{transientPlaneCouetteFlow,
  title={Transient Plane Couette Flow},
  url={http://www.mechens.org/wiki/index.php?title=Transient_Plane_Couette_Flow},
  note={\url{http://www.mechens.org/wiki/index.php?title=Transient_Plane_Couette_Flow}, accessed 2017-01-06}
}